@inproceedings{bau2019identifying,
	author = {Bau, Anthony and Belinkov, Yonatan and Sajjad, Hassan and Durrani, Nadir and Dalvi, Fahim and Glass, James},
	booktitle = {International Conference on Learning Representations},
	title = {Identifying and Controlling Important Neurons in Neural Machine Translation},
	year = {2019}
}
@inproceedings{gonen-goldberg-2019-lipstick-pig,
	title = "Lipstick on a Pig: {D}ebiasing Methods Cover up Systematic Gender Biases in Word Embeddings But do not Remove Them",
	author = "Gonen, Hila  and
	Goldberg, Yoav",
	booktitle = "Proceedings of the 2019 Conference of the North {A}merican Chapter of the Association for Computational Linguistics: Human Language Technologies, Volume 1 (Long and Short Papers)",
	year = "2019",
	url = "https://www.aclweb.org/anthology/N19-1061",
	doi = "10.18653/v1/N19-1061",
	pages = "609--614",
}

@inproceedings{prost-etal-2019-debiasing,
	title = "Debiasing Embeddings for Reduced Gender Bias in Text Classification",
	author = "Prost, Flavien  and
	Thain, Nithum  and
	Bolukbasi, Tolga",
	booktitle = "Proceedings of the First Workshop on Gender Bias in Natural Language Processing",
	year = "2019",
	url = "https://www.aclweb.org/anthology/W19-3810",
	doi = "10.18653/v1/W19-3810",
	pages = "69--75",
}
@inproceedings{vanmassenhove-etal-2018-getting,
	title = "Getting Gender Right in Neural Machine Translation",
	author = "Vanmassenhove, Eva  and
	Hardmeier, Christian  and
	Way, Andy",
	booktitle = "Proceedings of the 2018 Conference on Empirical Methods in Natural Language Processing",
	year = "2018",
	url = "https://www.aclweb.org/anthology/D18-1334",
	doi = "10.18653/v1/D18-1334",
	pages = "3003--3008",
}
@inproceedings{moryossef-etal-2019-filling,
	title = "Filling Gender {\&} Number Gaps in Neural Machine Translation with Black-box Context Injection",
	author = "Moryossef, Amit  and
	Aharoni, Roee  and
	Goldberg, Yoav",
	booktitle = "Proceedings of the First Workshop on Gender Bias in Natural Language Processing",
	month = aug,
	year = "2019",
	address = "Florence, Italy",
	publisher = "Association for Computational Linguistics",
	url = "https://www.aclweb.org/anthology/W19-3807",
	doi = "10.18653/v1/W19-3807",
	pages = "49--54",
}
@article{guo2020detecting,
	title={Detecting Emergent Intersectional Biases: Contextualized Word Embeddings Contain a Distribution of Human-like Biases},
	author={Wei Guo and Aylin Caliskan},
	year={2020},
	journal={ArXiv},
	primaryClass={cs.CL},
	volume={abs/2006.03955},
}
@inproceedings{mu2018all,
	title={All-but-the-Top: Simple and Effective Postprocessing for Word Representations},
	author={Jiaqi Mu and Pramod Viswanath},
	booktitle={International Conference on Learning Representations},
	year={2018},
	url={https://openreview.net/forum?id=HkuGJ3kCb},
}

@inproceedings{
	bau2018identifying,
	title={Identifying and Controlling Important Neurons in Neural Machine Translation},
	author={Anthony Bau and Yonatan Belinkov and Hassan Sajjad and Nadir Durrani and Fahim Dalvi and James Glass},
	booktitle={International Conference on Learning Representations},
	year={2019},
	url={https://openreview.net/forum?id=H1z-PsR5KX},
}
@inproceedings{Kiritchenko_2018,
	title={Examining Gender and Race Bias in Two Hundred Sentiment Analysis Systems},
	url={http://dx.doi.org/10.18653/v1/s18-2005},
	DOI={10.18653/v1/s18-2005},
	booktitle = {Proceedings of the Seventh Joint Conference on Lexical and Computational Semantics},
	pages = {43--53},
	author={Kiritchenko, Svetlana and Mohammad, Saif},
	year={2018}
}

@inproceedings{Attree_2019,
	title={Gendered Ambiguous Pronouns Shared Task: Boosting Model Confidence by Evidence Pooling},
	booktitle = {Proceedings of the First Workshop on Gender Bias in Natural Language Processing},
	url = {https://www.aclweb.org/anthology/W19-3820},
	doi = {10.18653/v1/W19-3820"},
	pages = {134--146},
	author={Attree, Sandeep},
	year={2019}
}

@inproceedings{Chada_2019,
	title={Gendered Pronoun Resolution using BERT and an Extractive Question Answering Formulation},
	url={https://www.aclweb.org/anthology/W19-3819},
	DOI={10.18653/v1/w19-3819},
	booktitle={Proceedings of the First Workshop on Gender Bias in Natural Language Processing},
	author={Chada, Rakesh},
	year={2019},
	pages = {126--133},
}

@article{webster2018mind,
	title={Mind the GAP: A Balanced Corpus of Gendered Ambiguous Pronouns},
	volume={6},
	ISSN={2307-387X},
	url={https://www.aclweb.org/anthology/Q18-1042},
	DOI={10.1162/tacl_a_00240},
	journal={Transactions of the Association for Computational Linguistics},
	publisher={MIT Press - Journals},
	author={Webster, Kellie and Recasens, Marta and Axelrod, Vera and Baldridge, Jason},
	year={2018},
	pages={605â€“617},
}
@inproceedings{rudinger2018gender,
	title={Gender Bias in Coreference Resolution},
	url={https://www.aclweb.org/anthology/N18-2002},
	DOI={10.18653/v1/n18-2002},
	booktitle={Proceedings of the 2018 Conference of the North {A}merican Chapter of the Association for Computational Linguistics: Human Language Technologies, Volume 2 (Short Papers)},
	author={Rudinger, Rachel and Naradowsky, Jason and Leonard, Brian and Van Durme, Benjamin},
	year={2018},
	pages = {8--14},
}

@inproceedings{Peters:2018,
	author={Peters, Matthew E. and  Neumann, Mark and Iyyer, Mohit and Gardner, Matt and Clark, Christopher and Lee, Kenton and Zettlemoyer, Luke},
	title={Deep contextualized word representations},
	booktitle={Proceedings of the 2018 Conference of the North {A}merican Chapter of the Association for Computational Linguistics: Human Language Technologies, Volume 1 (Long Papers)},
	year={2018},
	url = "https://www.aclweb.org/anthology/N18-1202",
	doi = "10.18653/v1/N18-1202",
	pages = "2227--2237",
}

@inproceedings{zhao2018gender,
	title={Gender Bias in Coreference Resolution: Evaluation and Debiasing Methods},
	author={Zhao, Jieyu and Wang, Tianlu and Yatskar, Mark and Ordonez, Vicente and Chang, Kai-Wei},
	booktitle={Proceedings of the 2018 Conference of the North {A}merican Chapter of the Association for Computational Linguistics: Human Language Technologies, Volume 2 (Short Papers)},
	url = "https://www.aclweb.org/anthology/N18-2003",
	doi = "10.18653/v1/N18-2003",
	pages = "15--20",
	year={2018}
}

@inproceedings{dev2019attenuating,
	title={Attenuating Bias in Word vectors},
	author={Dev, Sunipa and Phillips, Jeff},
	booktitle={The 22nd International Conference on Artificial Intelligence and Statistics},
	pages={879--887},
	year={2019}
}


@inproceedings{bolukbasi2016man,
	title={Man is to computer programmer as woman is to homemaker? debiasing word embeddings},
	author={Bolukbasi, Tolga and Chang, Kai-Wei and Zou, James Y and Saligrama, Venkatesh and Kalai, Adam T},
	booktitle={Advances in neural information processing systems},
	pages={4349--4357},
	year={2016}
}

@inbook{horn1990matrix,
	title={Matrix Analysis},
	author={Roger A Horn, Charles R Johnson},
	isbn={9780521386326},
	lccn={lc85007736},
	url={https://books.google.de/books?id=PlYQN0ypTwEC},
	year={1990},
	publisher={Cambridge University Press},
	chapter={4.2}}

@inproceedings{zhao2019gender,
	title={Gender Bias in Contextualized Word Embeddings},
	author={Zhao, Jieyu and Wang, Tianlu and Yatskar, Mark and Cotterell, Ryan and Ordonez, Vicente and Chang, Kai-Wei},
	booktitle={Proceedings of the 2019 Conference of the North {A}merican Chapter of the Association for Computational Linguistics: Human Language Technologies, Volume 1 (Long and Short Papers)},
	url = "https://www.aclweb.org/anthology/N19-1064",
	doi = "10.18653/v1/N19-1064",
	pages={629--634},
	year={2019}
}
@inproceedings{may2019measuring,
	title={On Measuring Social Biases in Sentence Encoders},
	author={May, Chandler and Wang, Alex and Bordia, Shikha and Bowman, Samuel and Rudinger, Rachel},
	booktitle={Proceedings of the 2019 Conference of the North {A}merican Chapter of the Association for Computational Linguistics: Human Language Technologies, Volume 1 (Long and Short Papers)},
	url = "https://www.aclweb.org/anthology/N19-1063",
	doi = "10.18653/v1/N19-1063",
	pages={622--628},
	year={2019}
}
@inproceedings{sun2019mitigating,
	title={Mitigating Gender Bias in Natural Language Processing: Literature Review},
	author={Sun, Tony and Gaut, Andrew and Tang, Shirlyn and Huang, Yuxin and ElSherief, Mai and Zhao, Jieyu and Mirza, Diba and Belding, Elizabeth and Chang, Kai-Wei and Wang, William Yang},
	booktitle={Proceedings of the 57th Annual Meeting of the Association for Computational Linguistics},
	url = "https://www.aclweb.org/anthology/P19-1159",
	doi = "10.18653/v1/P19-1159",
	pages={1630--1640},
	year={2019}
}
@inproceedings{dufter2019analytical,
	title={Analytical Methods for Interpretable Ultradense Word Embeddings},
	author={Dufter, Philipp and Sch{\"u}tze, Hinrich},
	booktitle={Proceedings of the 2019 Conference on Empirical Methods in Natural Language Processing and the 9th International Joint Conference on Natural Language Processing (EMNLP-IJCNLP)},
	url = "https://www.aclweb.org/anthology/D19-1111",
	doi = "10.18653/v1/D19-1111",
	pages={1185--1191},
	year={2019}
}
@inproceedings{karve2019conceptor,
	title={Conceptor Debiasing of Word Representations Evaluated on {WEAT}},
	author={Karve, Saket and Ungar, Lyle and Sedoc, Jo{\~a}o},
	booktitle={Proceedings of the First Workshop on Gender Bias in Natural Language Processing},
	pages={40--48},
	year={2019}
}
@article{greenwald1998measuring,
	title={Measuring individual differences in implicit cognition: the implicit association test.},
	author={Greenwald, Anthony G and McGhee, Debbie E and Schwartz, Jordan LK},
	journal={Journal of personality and social psychology},
	volume={74},
	number={6},
	pages={1464},
	year={1998},
	publisher={American Psychological Association}
}
@article{garg2018word,
	title={Word embeddings quantify 100 years of gender and ethnic stereotypes.},
	author={Garg, Nikhil and Schiebinger, Londa and Jurafsky, Dan and Zou, James},
	journal={Proceedings of the National Academy of Sciences of the United States of America},
	volume={115},
	number={16},
	pages={E3635--E3644},
	year={2018},
	publisher={National Academy of Sciences}
}
@inproceedings{devlin2018bert,
	title={BERT: Pre-training of Deep Bidirectional Transformers for Language Understanding},
	author={Devlin, Jacob and Chang, Ming-Wei and Lee, Kenton and Toutanova, Kristina},
	booktitle = "Proceedings of the 2019 Conference of the North {A}merican Chapter of the Association for Computational Linguistics: Human Language Technologies, Volume 1 (Long and Short Papers)",
	year = "2019",
	url = "https://www.aclweb.org/anthology/N19-1423",
	doi = "10.18653/v1/N19-1423",
	pages = "4171--4186",
}
@inproceedings{merity2016pointer,
	title={Pointer Sentinel Mixture Models},
	author={Stephen Merity and Caiming Xiong and James Bradbury and Richard Socher},
	booktitle={International Conference on Learning Representations},
	year={2016},
	url={https://openreview.net/pdf?id=Byj72udxe},
}

@inproceedings{Tan2019AssessingSA,
	title={Assessing Social and Intersectional Biases in Contextualized Word Representations},
	author={Tan, Yi Chern and Celis, L Elisa},
	booktitle={Advances in Neural Information Processing Systems},
	pages={13209â€“13220},
	year={2019}
}

@inproceedings{wang2018glue,
	title = "{GLUE}: {A Multi-Task Benchmark} and Analysis Platform for Natural Language Understanding",
	author = "Wang, Alex  and
	Singh, Amanpreet  and
	Michael, Julian  and
	Hill, Felix  and
	Levy, Omer  and
	Bowman, Samuel",
	booktitle = "Proceedings of the 2018 {EMNLP} Workshop {B}lackbox{NLP}: Analyzing and Interpreting Neural Networks for {NLP}",
	year = "2018",
	url = "https://www.aclweb.org/anthology/W18-5446",
	doi = "10.18653/v1/W18-5446",
	pages = "353--355",
}

@article{wolf2019huggingfaces,
	title={HuggingFace's Transformers: State-of-the-art Natural Language Processing},
	author={Thomas Wolf and Lysandre Debut and Victor Sanh and Julien Chaumond and Clement Delangue and Anthony Moi and Pierric Cistac and Tim Rault and RÃ©mi Louf and Morgan Funtowicz and Joe Davison and Sam Shleifer and Patrick von Platen and Clara Ma and Yacine Jernite and Julien Plu and Canwen Xu and Teven Le Scao and Sylvain Gugger and Mariama Drame and Quentin Lhoest and Alexander M. Rush},
	journal={ArXiv},
	year={2019},
	volume={abs/1910.03771}
}
@article{caliskan2017semantics,
	title={Semantics derived automatically from language corpora contain human-like biases},
	volume={356},
	ISSN={1095-9203},
	url={http://dx.doi.org/10.1126/science.aal4230},
	DOI={10.1126/science.aal4230},
	number={6334},
	journal={Science},
	publisher={American Association for the Advancement of Science (AAAS)},
	author={Caliskan, Aylin and Bryson, Joanna J. and Narayanan, Arvind},
	year={2017},
	month={Apr},
	pages={183â€“186}
}
@inproceedings{kurita2019measuring,
	title = "Measuring Bias in Contextualized Word Representations",
	author = "Kurita, Keita  and
	Vyas, Nidhi  and
	Pareek, Ayush  and
	Black, Alan W  and
	Tsvetkov, Yulia",
	booktitle = "Proceedings of the First Workshop on Gender Bias in Natural Language Processing",
	month = aug,
	year = "2019",
	address = "Florence, Italy",
	publisher = "Association for Computational Linguistics",
	url = "https://www.aclweb.org/anthology/W19-3823",
	doi = "10.18653/v1/W19-3823",
	pages = "166--172",
}
@article{mikolov2013efficient,
	title={Efficient Estimation of Word Representations in Vector Space}, 
	author={Tomas Mikolov and Kai Chen and Greg Corrado and Jeffrey Dean},
	year={2013},
	journal={ArXiv},
	primaryClass={cs.CL},
	volume={abs/1301.3781},
}