@book{Aho:72,
    author  = {Alfred V. Aho and Jeffrey D. Ullman},
    title   = {The Theory of Parsing, Translation and Compiling},
    year    = "1972",
    volume  = "1",
    publisher = {Prentice-Hall},
    address = {Englewood Cliffs, NJ}
}

@book{APA:83,
    author  = {{American Psychological Association}},
    title   = {Publications Manual},
    year    = "1983",
   publisher = {American Psychological Association},
   address = {Washington, DC}
}
@article{zhao2018learning,
	title={Learning Gender-Neutral Word Embeddings},
	url={http://dx.doi.org/10.18653/v1/d18-1521},
	DOI={10.18653/v1/d18-1521},
	journal={Proceedings of the 2018 Conference on Empirical Methods in Natural Language Processing},
	publisher={Association for Computational Linguistics},
	author={Zhao, Jieyu and Zhou, Yichao and Li, Zeyu and Wang, Wei and Chang, Kai-Wei},
	year={2018}
}

@article{Chandra:81,
	author = {Ashok K. Chandra and Dexter C. Kozen and Larry J. Stockmeyer},
	year = "1981",
	title = {Alternation},
	journal = {Journal of the Association for Computing Machinery},
	volume = "28",
	number = "1",
	pages = "114--133",
	doi = "10.1145/322234.322243",
}

@inproceedings{andrew2007scalable,
  title={Scalable training of {L1}-regularized log-linear models},
  author={Andrew, Galen and Gao, Jianfeng},
  booktitle={Proceedings of the 24th International Conference on Machine Learning},
  pages={33--40},
  year={2007},
}

@book{Gusfield:97,
    author  = {Dan Gusfield},
    title   = {Algorithms on Strings, Trees and Sequences},
    year    = "1997",
    publisher = {Cambridge University Press},
    address = {Cambridge, UK}
}

@article{rasooli-tetrault-2015,
    author    = {Mohammad Sadegh Rasooli and Joel R. Tetreault},
    title     = {Yara Parser: {A} Fast and Accurate Dependency Parser},
    journal   = {Computing Research Repository},
    volume    = {arXiv:1503.06733},
    year      = {2015},
    url       = {http://arxiv.org/abs/1503.06733},
    note    = {version 2}
}

@article{Ando2005,
	Acmid = {1194905},
	Author = {Ando, Rie Kubota and Zhang, Tong},
	Issn = {1532-4435},
	Issue_Date = {12/1/2005},
	Journal = {Journal of Machine Learning Research},
	Month = dec,
	Numpages = {37},
	Pages = {1817--1853},
	Publisher = {JMLR.org},
	Title = {A Framework for Learning Predictive Structures from Multiple Tasks and Unlabeled Data},
	Volume = {6},
	Year = {2005}
}
@article{Kiritchenko_2018,
   title={Examining Gender and Race Bias in Two Hundred Sentiment Analysis Systems},
   url={http://dx.doi.org/10.18653/v1/s18-2005},
   DOI={10.18653/v1/s18-2005},
   journal={Proceedings of the Seventh Joint Conference on Lexical and
          Computational Semantics},
   publisher={Association for Computational Linguistics},
   author={Kiritchenko, Svetlana and Mohammad, Saif},
   year={2018}
}

@article{Attree_2019,
   title={Gendered Ambiguous Pronouns Shared Task: Boosting Model Confidence by Evidence Pooling},
   url={http://dx.doi.org/10.18653/v1/w19-3820},
   DOI={10.18653/v1/w19-3820},
   journal={Proceedings of the First Workshop on Gender Bias in Natural Language Processing},
   publisher={Association for Computational Linguistics},
   author={Attree, Sandeep},
   year={2019}
}
@article{Chada_2019,
   title={Gendered Pronoun Resolution using BERT and an Extractive Question Answering Formulation},
   url={http://dx.doi.org/10.18653/v1/w19-3819},
   DOI={10.18653/v1/w19-3819},
   journal={Proceedings of the First Workshop on Gender Bias in Natural Language Processing},
   publisher={Association for Computational Linguistics},
   author={Chada, Rakesh},
   year={2019}
}
@article{webster2018mind,
   title={Mind the GAP: A Balanced Corpus of Gendered Ambiguous Pronouns},
   volume={6},
   ISSN={2307-387X},
   url={http://dx.doi.org/10.1162/tacl_a_00240},
   DOI={10.1162/tacl_a_00240},
   journal={Transactions of the Association for Computational Linguistics},
   publisher={MIT Press - Journals},
   author={Webster, Kellie and Recasens, Marta and Axelrod, Vera and Baldridge, Jason},
   year={2018},
   month={Dec},
   pages={605â€“617}
}
@article{rudinger2018gender,
   title={Gender Bias in Coreference Resolution},
   url={http://dx.doi.org/10.18653/v1/N18-2002},
   DOI={10.18653/v1/n18-2002},
   journal={Proceedings of the 2018 Conference of the North American Chapter of
          the Association for Computational Linguistics: Human Language
          Technologies, Volume 2 (Short Papers)},
   publisher={Association for Computational Linguistics},
   author={Rudinger, Rachel and Naradowsky, Jason and Leonard, Brian and Van Durme, Benjamin},
   year={2018}
}
@inproceedings{kaneko2019gender,
    title = "Gender-preserving Debiasing for Pre-trained Word Embeddings",
    author = "Kaneko, Masahiro  and
      Bollegala, Danushka",
    booktitle = "Proceedings of the 57th Annual Meeting of the Association for Computational Linguistics",
    month = jul,
    year = "2019",
    address = "Florence, Italy",
    publisher = "Association for Computational Linguistics",
    url = "https://www.aclweb.org/anthology/P19-1160",
    doi = "10.18653/v1/P19-1160",
    pages = "1641--1650",
}
@inproceedings{Peters:2018,
  author={Peters, Matthew E. and  Neumann, Mark and Iyyer, Mohit and Gardner, Matt and Clark, Christopher and Lee, Kenton and Zettlemoyer, Luke},
  title={Deep contextualized word representations},
  booktitle={Proc. of NAACL},
  year={2018}
}
@inproceedings{zhao2018gender,
  title={Gender Bias in Coreference Resolution: Evaluation and Debiasing Methods},
  author={Zhao, Jieyu and Wang, Tianlu and Yatskar, Mark and Ordonez, Vicente and Chang, Kai-Wei},
  booktitle={Proceedings of the 2018 Conference of the North American Chapter of the Association for Computational Linguistics: Human Language Technologies},
  volume={2},
  year={2018}
}
@misc{dev2019attenuating,
    title={Attenuating Bias in Word Vectors},
    author={Sunipa Dev and Jeff Phillips},
    year={2019},
    eprint={1901.07656},
    archivePrefix={arXiv},
    primaryClass={cs.CL}
}
@inproceedings{bolukbasi2016man,
  title={Man is to computer programmer as woman is to homemaker? debiasing word embeddings},
  author={Bolukbasi, Tolga and Chang, Kai-Wei and Zou, James Y and Saligrama, Venkatesh and Kalai, Adam T},
  booktitle={Advances in neural information processing systems},
  pages={4349--4357},
  year={2016}
}
@inbook{horn1990matrix,
title={Matrix Analysis},
author={Horn, R.A. and Horn, R.A. and Johnson, C.R.},
isbn={9780521386326},
lccn={lc85007736},
url={https://books.google.de/books?id=PlYQN0ypTwEC},
year={1990},
publisher={Cambridge University Press},
chapter={4.2}}

@inproceedings{zhao2019gender,
  title={Gender Bias in Contextualized Word Embeddings},
  author={Zhao, Jieyu and Wang, Tianlu and Yatskar, Mark and Cotterell, Ryan and Ordonez, Vicente and Chang, Kai-Wei},
  booktitle={Proceedings of the 2019 Conference of the North American Chapter of the Association for Computational Linguistics: Human Language Technologies, Volume 1 (Long and Short Papers)},
  pages={629--634},
  year={2019}
}
@inproceedings{may2019measuring,
  title={On Measuring Social Biases in Sentence Encoders},
  author={May, Chandler and Wang, Alex and Bordia, Shikha and Bowman, Samuel and Rudinger, Rachel},
  booktitle={Proceedings of the 2019 Conference of the North American Chapter of the Association for Computational Linguistics: Human Language Technologies, Volume 1 (Long and Short Papers)},
  pages={622--628},
  year={2019}
}
@inproceedings{sun2019mitigating,
  title={Mitigating Gender Bias in Natural Language Processing: Literature Review},
  author={Sun, Tony and Gaut, Andrew and Tang, Shirlyn and Huang, Yuxin and ElSherief, Mai and Zhao, Jieyu and Mirza, Diba and Belding, Elizabeth and Chang, Kai-Wei and Wang, William Yang},
  booktitle={Proceedings of the 57th Annual Meeting of the Association for Computational Linguistics},
  pages={1630--1640},
  year={2019}
}
@article{shin2020neutralizing,
  title={Neutralizing Gender Bias in Word Embedding with Latent Disentanglement and Counterfactual Generation},
  author={Shin, Seungjae and Song, Kyungwoo and Jang, JoonHo and Kim, Hyemi and Joo, Weonyoung and Moon, Il-Chul},
  journal={arXiv preprint arXiv:2004.03133},
  year={2020}
}
@inproceedings{dufter2019analytical,
  title={Analytical Methods for Interpretable Ultradense Word Embeddings},
  author={Dufter, Philipp and Sch{\"u}tze, Hinrich},
  booktitle={Proceedings of the 2019 Conference on Empirical Methods in Natural Language Processing and the 9th International Joint Conference on Natural Language Processing (EMNLP-IJCNLP)},
  pages={1185--1191},
  year={2019}
}
@inproceedings{karve2019conceptor,
  title={Conceptor Debiasing of Word Representations Evaluated on WEAT},
  author={Karve, Saket and Ungar, Lyle and Sedoc, Jo{\~a}o},
  booktitle={Proceedings of the First Workshop on Gender Bias in Natural Language Processing},
  pages={40--48},
  year={2019}
}
@article{zhao2020gender,
  title={Gender Bias in Multilingual Embeddings and Cross-Lingual Transfer},
  author={Zhao, Jieyu and Mukherjee, Subhabrata and Hosseini, Saghar and Chang, Kai-Wei and Awadallah, Ahmed Hassan},
  journal={arXiv preprint arXiv:2005.00699},
  year={2020}
}
@article{greenwald1998measuring,
  title={Measuring individual differences in implicit cognition: the implicit association test.},
  author={Greenwald, Anthony G and McGhee, Debbie E and Schwartz, Jordan LK},
  journal={Journal of personality and social psychology},
  volume={74},
  number={6},
  pages={1464},
  year={1998},
  publisher={American Psychological Association}
}
@article{garg2018word,
  title={Word embeddings quantify 100 years of gender and ethnic stereotypes.},
  author={Garg, N and Schiebinger, L and Jurafsky, D and Zou, J},
  journal={Proceedings of the National Academy of Sciences of the United States of America},
  volume={115},
  number={16},
  pages={E3635--E3644},
  year={2018},
  publisher={National Academy of Sciences}
}
@article{devlin2018bert,
  title={BERT: Pre-training of Deep Bidirectional Transformers for Language Understanding},
  author={Devlin, Jacob and Chang, Ming-Wei and Lee, Kenton and Toutanova, Kristina},
  journal={arXiv preprint arXiv:1810.04805},
  year={2018}
}
@misc{merity2016pointer,
    title={Pointer Sentinel Mixture Models},
    author={Stephen Merity and Caiming Xiong and James Bradbury and Richard Socher},
    year={2016},
    eprint={1609.07843},
    archivePrefix={arXiv},
    primaryClass={cs.CL}
}
@article{wang2018glue,
   title={GLUE: A Multi-Task Benchmark and Analysis Platform for Natural Language Understanding},
   url={http://dx.doi.org/10.18653/v1/w18-5446},
   DOI={10.18653/v1/w18-5446},
   journal={Proceedings of the 2018 EMNLP Workshop BlackboxNLP: Analyzing and Interpreting Neural Networks for NLP},
   publisher={Association for Computational Linguistics},
   author={Wang, Alex and Singh, Amanpreet and Michael, Julian and Hill, Felix and Levy, Omer and Bowman, Samuel},
   year={2018}
}
@misc{wolf2019huggingfaces,
    title={HuggingFace's Transformers: State-of-the-art Natural Language Processing},
    author={Thomas Wolf and Lysandre Debut and Victor Sanh and Julien Chaumond and Clement Delangue and Anthony Moi and Pierric Cistac and Tim Rault and RÃ©mi Louf and Morgan Funtowicz and Jamie Brew},
    year={2019},
    eprint={1910.03771},
    archivePrefix={arXiv},
    primaryClass={cs.CL}
}
@article{caliskan2017semantics,
   title={Semantics derived automatically from language corpora contain human-like biases},
   volume={356},
   ISSN={1095-9203},
   url={http://dx.doi.org/10.1126/science.aal4230},
   DOI={10.1126/science.aal4230},
   number={6334},
   journal={Science},
   publisher={American Association for the Advancement of Science (AAAS)},
   author={Caliskan, Aylin and Bryson, Joanna J. and Narayanan, Arvind},
   year={2017},
   month={Apr},
   pages={183â€“186}
}
@article{kurita2019measuring,
   title={Measuring Bias in Contextualized Word Representations},
   url={http://dx.doi.org/10.18653/v1/w19-3823},
   DOI={10.18653/v1/w19-3823},
   journal={Proceedings of the First Workshop on Gender Bias in Natural Language Processing},
   publisher={Association for Computational Linguistics},
   author={Kurita, Keita and Vyas, Nidhi and Pareek, Ayush and Black, Alan W and Tsvetkov, Yulia},
   year={2019}
}

@inproceedings{mikolov2013efficient,
  title={Efficient estimation of word representations in vector space},
  author={Tomas Mikolov and Kai Chen and Greg Corrado and Jeffrey Dean},
  booktitle={Proceedings of International Conference on Learning Representations (ICLR)},
  year={2013}
}